<?xml version="1.0" encoding="UTF-8"?><collection xmlns="http://www.loc.gov/MARC21/slim"><record><leader>00573nam--2200181-i-4500</leader><controlfield tag="001">000008760</controlfield><controlfield tag="002">20161230</controlfield><controlfield tag="005">20161230201027</controlfield><controlfield tag="008">060222s1000------------r-----000-0-eng-d</controlfield><datafield ind1=" " ind2=" " tag="040"><subfield code="a">IFIN-HH</subfield></datafield><datafield ind1=" " ind2=" " tag="080"><subfield code="a">537.61:537.622:538.955</subfield></datafield><datafield ind1="1" ind2=" " tag="100"><subfield code="a">White, R.L</subfield></datafield><datafield ind1="1" ind2="0" tag="245"><subfield code="a">Magnetism and magnetic materials. 1965 digest</subfield><subfield code="b">A survey of the technical literature of the procedings year</subfield><subfield code="c">R.l. white; k.a. wickersheim (eds.)</subfield></datafield><datafield ind1=" " ind2=" " tag="260"><subfield code="a">New York</subfield><subfield code="b">Academic Press</subfield><subfield code="c">1965</subfield></datafield><datafield ind1=" " ind2=" " tag="300"><subfield code="a">260P</subfield></datafield><datafield ind1="1" ind2=" " tag="700"><subfield code="a">Wickersheim, K.A</subfield><subfield code="e">Ed</subfield></datafield><datafield ind1=" " ind2=" " tag="852"><subfield code="a">30163</subfield><subfield code="c">537:538</subfield></datafield><datafield ind1=" " ind2=" " tag="CAT"><subfield code="a">Sys</subfield><subfield code="c">20110615</subfield><subfield code="h">134439</subfield></datafield></record></collection>